time,bid,ask,last,volume,time_msc,flags,volume_real,difbidask,thedate
0,0.0,0.0,0.0,0,0,0,0.0,0.0,1970-01-01 07:00:00
1661973247,0.5982,0.59826,0.0,0,1661973247313,2,0.0,0.060000000000060005,2022-09-01 02:14:07
1661973247,0.59821,0.59826,0.0,0,1661973247803,6,0.0,0.04999999999999449,2022-09-01 02:14:07
1661973250,0.59819,0.59824,0.0,0,1661973250917,6,0.0,0.04999999999999449,2022-09-01 02:14:10
1661973253,0.59816,0.59821,0.0,0,1661973253137,6,0.0,0.04999999999999449,2022-09-01 02:14:13
1661973254,0.59818,0.59823,0.0,0,1661973254319,6,0.0,0.04999999999999449,2022-09-01 02:14:14
1661973257,0.59817,0.59822,0.0,0,1661973257292,2,0.0,0.04999999999999449,2022-09-01 02:14:17
1661973258,0.59816,0.59821,0.0,0,1661973258232,6,0.0,0.04999999999999449,2022-09-01 02:14:18
1661973259,0.59818,0.59823,0.0,0,1661973259653,6,0.0,0.04999999999999449,2022-09-01 02:14:19
1661973262,0.59819,0.59824,0.0,0,1661973262710,2,0.0,0.04999999999999449,2022-09-01 02:14:22
1661973265,0.5982,0.59824,0.0,0,1661973265002,2,0.0,0.040000000000040004,2022-09-01 02:14:25
1661973266,0.59819,0.59823,0.0,0,1661973266905,4,0.0,0.040000000000040004,2022-09-01 02:14:26
1661973268,0.5982,0.59825,0.0,0,1661973268756,6,0.0,0.04999999999999449,2022-09-01 02:14:28
1661973271,0.59817,0.59823,0.0,0,1661973271313,6,0.0,0.060000000000060005,2022-09-01 02:14:31
1661973271,0.59818,0.59823,0.0,0,1661973271768,2,0.0,0.04999999999999449,2022-09-01 02:14:31
1661973275,0.59818,0.59823,0.0,0,1661973275356,2,0.0,0.04999999999999449,2022-09-01 02:14:35
1661973277,0.59818,0.59823,0.0,0,1661973277110,2,0.0,0.04999999999999449,2022-09-01 02:14:37
1661973278,0.59818,0.59822,0.0,0,1661973278467,4,0.0,0.03999999999992898,2022-09-01 02:14:38
1661973278,0.59818,0.59822,0.0,0,1661973278467,4,0.0,0.03999999999992898,2022-09-01 02:14:38
1661973278,0.59818,0.59822,0.0,0,1661973278467,4,0.0,0.03999999999992898,2022-09-01 02:14:38
1661973283,0.59816,0.59821,0.0,0,1661973283862,4,0.0,0.04999999999999449,2022-09-01 02:14:43
1661973287,0.59818,0.59822,0.0,0,1661973287229,6,0.0,0.03999999999992898,2022-09-01 02:14:47
1661973287,0.59818,0.59822,0.0,0,1661973287229,6,0.0,0.03999999999992898,2022-09-01 02:14:47
1661973290,0.59819,0.59823,0.0,0,1661973290795,2,0.0,0.040000000000040004,2022-09-01 02:14:50
1661973293,0.59818,0.59822,0.0,0,1661973293493,6,0.0,0.03999999999992898,2022-09-01 02:14:53
1661973295,0.59819,0.59824,0.0,0,1661973295356,4,0.0,0.04999999999999449,2022-09-01 02:14:55
1661973297,0.59819,0.59823,0.0,0,1661973297253,4,0.0,0.040000000000040004,2022-09-01 02:14:57
1661973299,0.5982,0.59824,0.0,0,1661973299564,2,0.0,0.040000000000040004,2022-09-01 02:14:59
1661973301,0.5982,0.59825,0.0,0,1661973301609,6,0.0,0.04999999999999449,2022-09-01 02:15:01
1661973302,0.5982,0.59824,0.0,0,1661973302363,4,0.0,0.040000000000040004,2022-09-01 02:15:02
1661973304,0.5982,0.59824,0.0,0,1661973304908,6,0.0,0.040000000000040004,2022-09-01 02:15:04
1661973304,0.5982,0.59824,0.0,0,1661973304908,6,0.0,0.040000000000040004,2022-09-01 02:15:04
1661973309,0.59818,0.59822,0.0,0,1661973309143,4,0.0,0.03999999999992898,2022-09-01 02:15:09
1661973311,0.59818,0.59823,0.0,0,1661973311454,4,0.0,0.04999999999999449,2022-09-01 02:15:11
1661973313,0.59819,0.59825,0.0,0,1661973313502,6,0.0,0.05999999999994898,2022-09-01 02:15:13
1661973313,0.59819,0.59825,0.0,0,1661973313502,6,0.0,0.05999999999994898,2022-09-01 02:15:13
1661973316,0.59822,0.59825,0.0,0,1661973316910,2,0.0,0.02999999999997449,2022-09-01 02:15:16
1661973319,0.5982,0.59825,0.0,0,1661973319495,2,0.0,0.04999999999999449,2022-09-01 02:15:19
1661973321,0.59821,0.59824,0.0,0,1661973321753,4,0.0,0.02999999999997449,2022-09-01 02:15:21
1661973322,0.59821,0.59825,0.0,0,1661973322558,6,0.0,0.03999999999992898,2022-09-01 02:15:22
1661973325,0.59824,0.59828,0.0,0,1661973325493,6,0.0,0.040000000000040004,2022-09-01 02:15:25
1661973327,0.59825,0.59828,0.0,0,1661973327350,2,0.0,0.030000000000085514,2022-09-01 02:15:27
1661973329,0.59824,0.59827,0.0,0,1661973329716,4,0.0,0.02999999999997449,2022-09-01 02:15:29
1661973331,0.59824,0.59827,0.0,0,1661973331757,4,0.0,0.02999999999997449,2022-09-01 02:15:31
1661973333,0.59825,0.59829,0.0,0,1661973333397,6,0.0,0.040000000000040004,2022-09-01 02:15:33
1661973333,0.59825,0.59829,0.0,0,1661973333397,6,0.0,0.040000000000040004,2022-09-01 02:15:33
1661973333,0.59825,0.59829,0.0,0,1661973333397,6,0.0,0.040000000000040004,2022-09-01 02:15:33
1661973338,0.59822,0.59825,0.0,0,1661973338986,4,0.0,0.02999999999997449,2022-09-01 02:15:38
1661973341,0.59824,0.59827,0.0,0,1661973341735,6,0.0,0.02999999999997449,2022-09-01 02:15:41
1661973343,0.59826,0.59828,0.0,0,1661973343453,2,0.0,0.020000000000020002,2022-09-01 02:15:43
1661973343,0.59826,0.5983,0.0,0,1661973343942,4,0.0,0.040000000000040004,2022-09-01 02:15:43
1661973347,0.59819,0.59823,0.0,0,1661973347749,6,0.0,0.040000000000040004,2022-09-01 02:15:47
1661973349,0.5982,0.59826,0.0,0,1661973349383,6,0.0,0.060000000000060005,2022-09-01 02:15:49
1661973351,0.5982,0.59824,0.0,0,1661973351415,6,0.0,0.040000000000040004,2022-09-01 02:15:51
1661973352,0.5982,0.59825,0.0,0,1661973352897,4,0.0,0.04999999999999449,2022-09-01 02:15:52
1661973355,0.59819,0.59824,0.0,0,1661973355802,6,0.0,0.04999999999999449,2022-09-01 02:15:55
1661973357,0.59823,0.59826,0.0,0,1661973357680,6,0.0,0.02999999999997449,2022-09-01 02:15:57
1661973359,0.59824,0.59828,0.0,0,1661973359191,6,0.0,0.040000000000040004,2022-09-01 02:15:59
1661973361,0.5982,0.59824,0.0,0,1661973361778,2,0.0,0.040000000000040004,2022-09-01 02:16:01
1661973362,0.59821,0.59824,0.0,0,1661973362468,2,0.0,0.02999999999997449,2022-09-01 02:16:02
1661973362,0.59821,0.59824,0.0,0,1661973362468,2,0.0,0.02999999999997449,2022-09-01 02:16:02
1661973362,0.59821,0.59824,0.0,0,1661973362468,2,0.0,0.02999999999997449,2022-09-01 02:16:02
1661973368,0.59821,0.59826,0.0,0,1661973368349,4,0.0,0.04999999999999449,2022-09-01 02:16:08
1661973371,0.59817,0.59822,0.0,0,1661973371263,2,0.0,0.04999999999999449,2022-09-01 02:16:11
1661973373,0.59815,0.59821,0.0,0,1661973373817,2,0.0,0.060000000000060005,2022-09-01 02:16:13
1661973375,0.59815,0.5982,0.0,0,1661973375875,6,0.0,0.04999999999999449,2022-09-01 02:16:15
1661973377,0.59814,0.5982,0.0,0,1661973377830,6,0.0,0.05999999999994898,2022-09-01 02:16:17
1661973378,0.59815,0.59821,0.0,0,1661973378098,6,0.0,0.060000000000060005,2022-09-01 02:16:18
1661973381,0.5982,0.59827,0.0,0,1661973381870,6,0.0,0.0700000000000145,2022-09-01 02:16:21
1661973383,0.59821,0.59827,0.0,0,1661973383126,6,0.0,0.05999999999994898,2022-09-01 02:16:23
1661973385,0.59821,0.59827,0.0,0,1661973385427,6,0.0,0.05999999999994898,2022-09-01 02:16:25
1661973386,0.5982,0.59826,0.0,0,1661973386205,6,0.0,0.060000000000060005,2022-09-01 02:16:26
1661973388,0.59821,0.59827,0.0,0,1661973388826,6,0.0,0.05999999999994898,2022-09-01 02:16:28
1661973392,0.59819,0.59825,0.0,0,1661973392001,2,0.0,0.05999999999994898,2022-09-01 02:16:32
1661973393,0.59821,0.59827,0.0,0,1661973393623,6,0.0,0.05999999999994898,2022-09-01 02:16:33
1661973394,0.59819,0.59824,0.0,0,1661973394741,6,0.0,0.04999999999999449,2022-09-01 02:16:34
1661973397,0.59819,0.59825,0.0,0,1661973397845,4,0.0,0.05999999999994898,2022-09-01 02:16:37
1661973399,0.59819,0.59824,0.0,0,1661973399728,4,0.0,0.04999999999999449,2022-09-01 02:16:39
1661973399,0.59819,0.59824,0.0,0,1661973399728,4,0.0,0.04999999999999449,2022-09-01 02:16:39
1661973404,0.59817,0.59823,0.0,0,1661973404129,6,0.0,0.060000000000060005,2022-09-01 02:16:44
1661973405,0.59817,0.59823,0.0,0,1661973405534,6,0.0,0.060000000000060005,2022-09-01 02:16:45
1661973407,0.59816,0.59821,0.0,0,1661973407929,6,0.0,0.04999999999999449,2022-09-01 02:16:47
1661973408,0.59816,0.59822,0.0,0,1661973408238,4,0.0,0.05999999999994898,2022-09-01 02:16:48
1661973408,0.59816,0.59822,0.0,0,1661973408238,4,0.0,0.05999999999994898,2022-09-01 02:16:48
1661973408,0.59816,0.59822,0.0,0,1661973408238,4,0.0,0.05999999999994898,2022-09-01 02:16:48
1661973416,0.59817,0.59823,0.0,0,1661973416129,2,0.0,0.060000000000060005,2022-09-01 02:16:56
1661973418,0.59818,0.59824,0.0,0,1661973418059,2,0.0,0.05999999999994898,2022-09-01 02:16:58
1661973420,0.59818,0.59824,0.0,0,1661973420126,2,0.0,0.05999999999994898,2022-09-01 02:17:00
1661973421,0.59818,0.59824,0.0,0,1661973421341,4,0.0,0.05999999999994898,2022-09-01 02:17:01
1661973423,0.59819,0.59825,0.0,0,1661973423640,6,0.0,0.05999999999994898,2022-09-01 02:17:03
1661973423,0.59819,0.59825,0.0,0,1661973423640,6,0.0,0.05999999999994898,2022-09-01 02:17:03
1661973423,0.59819,0.59825,0.0,0,1661973423640,6,0.0,0.05999999999994898,2022-09-01 02:17:03
1661973429,0.59821,0.59827,0.0,0,1661973429166,4,0.0,0.05999999999994898,2022-09-01 02:17:09
1661973431,0.5982,0.59826,0.0,0,1661973431651,6,0.0,0.060000000000060005,2022-09-01 02:17:11
1661973433,0.59821,0.59827,0.0,0,1661973433612,6,0.0,0.05999999999994898,2022-09-01 02:17:13
1661973436,0.59823,0.59827,0.0,0,1661973436139,2,0.0,0.03999999999992898,2022-09-01 02:17:16
1661973436,0.59823,0.59827,0.0,0,1661973436139,2,0.0,0.03999999999992898,2022-09-01 02:17:16
1661973440,0.59822,0.59828,0.0,0,1661973440124,6,0.0,0.060000000000060005,2022-09-01 02:17:20
1661973441,0.59823,0.5983,0.0,0,1661973441603,4,0.0,0.0700000000000145,2022-09-01 02:17:21
1661973441,0.59823,0.5983,0.0,0,1661973441603,4,0.0,0.0700000000000145,2022-09-01 02:17:21
1661973445,0.59824,0.5983,0.0,0,1661973445453,2,0.0,0.060000000000060005,2022-09-01 02:17:25
1661973448,0.59823,0.59829,0.0,0,1661973448324,6,0.0,0.05999999999994898,2022-09-01 02:17:28
1661973450,0.5983,0.59836,0.0,0,1661973450268,6,0.0,0.05999999999994898,2022-09-01 02:17:30
1661973452,0.59831,0.59836,0.0,0,1661973452245,4,0.0,0.04999999999999449,2022-09-01 02:17:32
1661973452,0.59828,0.59834,0.0,0,1661973452473,6,0.0,0.05999999999994898,2022-09-01 02:17:32
1661973454,0.59826,0.59832,0.0,0,1661973454605,6,0.0,0.05999999999994898,2022-09-01 02:17:34
1661973458,0.59829,0.59835,0.0,0,1661973458398,4,0.0,0.060000000000060005,2022-09-01 02:17:38
1661973459,0.59827,0.59833,0.0,0,1661973459559,6,0.0,0.060000000000060005,2022-09-01 02:17:39
1661973461,0.59829,0.59834,0.0,0,1661973461849,6,0.0,0.04999999999999449,2022-09-01 02:17:41
1661973463,0.59828,0.59834,0.0,0,1661973463896,2,0.0,0.05999999999994898,2022-09-01 02:17:43
1661973465,0.5983,0.59835,0.0,0,1661973465989,6,0.0,0.04999999999999449,2022-09-01 02:17:45
1661973465,0.5983,0.59835,0.0,0,1661973465989,6,0.0,0.04999999999999449,2022-09-01 02:17:45
1661973469,0.59832,0.59838,0.0,0,1661973469981,4,0.0,0.060000000000060005,2022-09-01 02:17:49
1661973471,0.59834,0.59839,0.0,0,1661973471817,4,0.0,0.04999999999999449,2022-09-01 02:17:51
1661973474,0.59833,0.59839,0.0,0,1661973474001,6,0.0,0.05999999999994898,2022-09-01 02:17:54
1661973476,0.59834,0.59839,0.0,0,1661973476122,2,0.0,0.04999999999999449,2022-09-01 02:17:56
1661973476,0.59834,0.59839,0.0,0,1661973476122,2,0.0,0.04999999999999449,2022-09-01 02:17:56
1661973480,0.59832,0.59839,0.0,0,1661973480285,6,0.0,0.0700000000000145,2022-09-01 02:18:00
1661973482,0.5983,0.59837,0.0,0,1661973482218,2,0.0,0.06999999999990347,2022-09-01 02:18:02
1661973484,0.5983,0.59836,0.0,0,1661973484602,2,0.0,0.05999999999994898,2022-09-01 02:18:04
1661973485,0.5983,0.59835,0.0,0,1661973485968,4,0.0,0.04999999999999449,2022-09-01 02:18:05
1661973488,0.59831,0.59836,0.0,0,1661973488313,6,0.0,0.04999999999999449,2022-09-01 02:18:08
1661973489,0.59828,0.59834,0.0,0,1661973489680,6,0.0,0.05999999999994898,2022-09-01 02:18:09
1661973492,0.59828,0.59833,0.0,0,1661973492200,4,0.0,0.04999999999999449,2022-09-01 02:18:12
1661973493,0.59828,0.59834,0.0,0,1661973493761,4,0.0,0.05999999999994898,2022-09-01 02:18:13
1661973496,0.59826,0.59832,0.0,0,1661973496547,2,0.0,0.05999999999994898,2022-09-01 02:18:16
1661973497,0.59827,0.59833,0.0,0,1661973497176,6,0.0,0.060000000000060005,2022-09-01 02:18:17
1661973500,0.59828,0.59834,0.0,0,1661973500332,4,0.0,0.05999999999994898,2022-09-01 02:18:20
1661973500,0.59828,0.59834,0.0,0,1661973500332,4,0.0,0.05999999999994898,2022-09-01 02:18:20
1661973504,0.59826,0.59832,0.0,0,1661973504490,4,0.0,0.05999999999994898,2022-09-01 02:18:24
1661973505,0.59826,0.59832,0.0,0,1661973505961,2,0.0,0.05999999999994898,2022-09-01 02:18:25
1661973508,0.59826,0.59831,0.0,0,1661973508611,6,0.0,0.04999999999999449,2022-09-01 02:18:28
1661973510,0.59824,0.5983,0.0,0,1661973510145,2,0.0,0.060000000000060005,2022-09-01 02:18:30
1661973511,0.59823,0.59829,0.0,0,1661973511881,6,0.0,0.05999999999994898,2022-09-01 02:18:31
1661973514,0.59823,0.59829,0.0,0,1661973514505,6,0.0,0.05999999999994898,2022-09-01 02:18:34
1661973516,0.59821,0.59827,0.0,0,1661973516209,6,0.0,0.05999999999994898,2022-09-01 02:18:36
1661973518,0.59823,0.59828,0.0,0,1661973518588,4,0.0,0.04999999999999449,2022-09-01 02:18:38
1661973519,0.59824,0.59829,0.0,0,1661973519347,2,0.0,0.04999999999999449,2022-09-01 02:18:39
1661973519,0.59824,0.59829,0.0,0,1661973519347,2,0.0,0.04999999999999449,2022-09-01 02:18:39
1661973519,0.59824,0.59829,0.0,0,1661973519347,2,0.0,0.04999999999999449,2022-09-01 02:18:39
1661973519,0.59824,0.59829,0.0,0,1661973519347,2,0.0,0.04999999999999449,2022-09-01 02:18:39
1661973528,0.59822,0.59828,0.0,0,1661973528494,6,0.0,0.060000000000060005,2022-09-01 02:18:48
1661973528,0.59822,0.59828,0.0,0,1661973528494,6,0.0,0.060000000000060005,2022-09-01 02:18:48
1661973532,0.59823,0.59828,0.0,0,1661973532643,4,0.0,0.04999999999999449,2022-09-01 02:18:52
1661973532,0.59823,0.59828,0.0,0,1661973532643,4,0.0,0.04999999999999449,2022-09-01 02:18:52
1661973536,0.59826,0.5983,0.0,0,1661973536327,2,0.0,0.040000000000040004,2022-09-01 02:18:56
1661973537,0.59828,0.59833,0.0,0,1661973537537,4,0.0,0.04999999999999449,2022-09-01 02:18:57
1661973540,0.59827,0.59831,0.0,0,1661973540428,6,0.0,0.040000000000040004,2022-09-01 02:19:00
1661973542,0.59823,0.59827,0.0,0,1661973542234,6,0.0,0.03999999999992898,2022-09-01 02:19:02
1661973542,0.59823,0.59827,0.0,0,1661973542234,6,0.0,0.03999999999992898,2022-09-01 02:19:02
1661973546,0.59825,0.59832,0.0,0,1661973546286,4,0.0,0.0700000000000145,2022-09-01 02:19:06
1661973548,0.59825,0.59831,0.0,0,1661973548095,4,0.0,0.060000000000060005,2022-09-01 02:19:08
1661973551,0.59827,0.59833,0.0,0,1661973551042,6,0.0,0.060000000000060005,2022-09-01 02:19:11
1661973552,0.59825,0.59831,0.0,0,1661973552996,6,0.0,0.060000000000060005,2022-09-01 02:19:12
1661973552,0.59825,0.59831,0.0,0,1661973552996,6,0.0,0.060000000000060005,2022-09-01 02:19:12
1661973556,0.59826,0.59831,0.0,0,1661973556380,2,0.0,0.04999999999999449,2022-09-01 02:19:16
1661973558,0.59825,0.5983,0.0,0,1661973558695,2,0.0,0.050000000000105516,2022-09-01 02:19:18
1661973560,0.59825,0.59829,0.0,0,1661973560352,6,0.0,0.040000000000040004,2022-09-01 02:19:20
1661973561,0.59824,0.59828,0.0,0,1661973561190,6,0.0,0.040000000000040004,2022-09-01 02:19:21
1661973564,0.59826,0.5983,0.0,0,1661973564774,6,0.0,0.040000000000040004,2022-09-01 02:19:24
1661973564,0.59826,0.5983,0.0,0,1661973564774,6,0.0,0.040000000000040004,2022-09-01 02:19:24
1661973568,0.59827,0.5983,0.0,0,1661973568602,2,0.0,0.030000000000085514,2022-09-01 02:19:28
1661973570,0.59826,0.5983,0.0,0,1661973570256,6,0.0,0.040000000000040004,2022-09-01 02:19:30
1661973573,0.59825,0.59829,0.0,0,1661973573003,6,0.0,0.040000000000040004,2022-09-01 02:19:33
1661973574,0.59825,0.5983,0.0,0,1661973574607,2,0.0,0.050000000000105516,2022-09-01 02:19:34
1661973576,0.59824,0.59829,0.0,0,1661973576031,6,0.0,0.04999999999999449,2022-09-01 02:19:36
1661973579,0.59828,0.59833,0.0,0,1661973579224,6,0.0,0.04999999999999449,2022-09-01 02:19:39
1661973579,0.59828,0.59831,0.0,0,1661973579460,4,0.0,0.02999999999997449,2022-09-01 02:19:39
1661973582,0.59828,0.59832,0.0,0,1661973582344,4,0.0,0.03999999999992898,2022-09-01 02:19:42
1661973582,0.59828,0.59832,0.0,0,1661973582344,4,0.0,0.03999999999992898,2022-09-01 02:19:42
1661973587,0.59828,0.59833,0.0,0,1661973587135,4,0.0,0.04999999999999449,2022-09-01 02:19:47
1661973589,0.59832,0.59837,0.0,0,1661973589176,6,0.0,0.04999999999999449,2022-09-01 02:19:49
1661973591,0.59833,0.59839,0.0,0,1661973591250,4,0.0,0.05999999999994898,2022-09-01 02:19:51
1661973592,0.59831,0.59837,0.0,0,1661973592054,6,0.0,0.05999999999994898,2022-09-01 02:19:52
1661973594,0.59832,0.59838,0.0,0,1661973594469,4,0.0,0.060000000000060005,2022-09-01 02:19:54
1661973596,0.59834,0.59839,0.0,0,1661973596737,4,0.0,0.04999999999999449,2022-09-01 02:19:56
1661973598,0.59832,0.59837,0.0,0,1661973598328,6,0.0,0.04999999999999449,2022-09-01 02:19:58
1661973600,0.59829,0.59834,0.0,0,1661973600601,6,0.0,0.04999999999999449,2022-09-01 02:20:00
1661973602,0.59827,0.59833,0.0,0,1661973602921,6,0.0,0.060000000000060005,2022-09-01 02:20:02
1661973605,0.59829,0.59834,0.0,0,1661973605063,2,0.0,0.04999999999999449,2022-09-01 02:20:05
1661973606,0.59829,0.59835,0.0,0,1661973606648,6,0.0,0.060000000000060005,2022-09-01 02:20:06
1661973608,0.59828,0.59834,0.0,0,1661973608714,6,0.0,0.05999999999994898,2022-09-01 02:20:08
1661973611,0.59826,0.59832,0.0,0,1661973611147,6,0.0,0.05999999999994898,2022-09-01 02:20:11
1661973613,0.59827,0.59833,0.0,0,1661973613417,6,0.0,0.060000000000060005,2022-09-01 02:20:13
1661973613,0.59829,0.59832,0.0,0,1661973613659,6,0.0,0.02999999999997449,2022-09-01 02:20:13
1661973616,0.59828,0.59832,0.0,0,1661973616146,2,0.0,0.03999999999992898,2022-09-01 02:20:16
1661973619,0.59827,0.59831,0.0,0,1661973619407,6,0.0,0.040000000000040004,2022-09-01 02:20:19
1661973621,0.59826,0.59831,0.0,0,1661973621139,6,0.0,0.04999999999999449,2022-09-01 02:20:21
1661973622,0.59827,0.59828,0.0,0,1661973622215,4,0.0,0.010000000000065512,2022-09-01 02:20:22
1661973625,0.59826,0.59827,0.0,0,1661973625469,6,0.0,0.00999999999995449,2022-09-01 02:20:25
1661973625,0.59827,0.59828,0.0,0,1661973625706,6,0.0,0.010000000000065512,2022-09-01 02:20:25
1661973625,0.59827,0.59828,0.0,0,1661973625706,6,0.0,0.010000000000065512,2022-09-01 02:20:25
1661973631,0.59828,0.59829,0.0,0,1661973631409,6,0.0,0.00999999999995449,2022-09-01 02:20:31
1661973633,0.59828,0.59831,0.0,0,1661973633350,6,0.0,0.02999999999997449,2022-09-01 02:20:33
1661973635,0.59832,0.59836,0.0,0,1661973635343,4,0.0,0.040000000000040004,2022-09-01 02:20:35
1661973635,0.59833,0.59836,0.0,0,1661973635996,2,0.0,0.02999999999997449,2022-09-01 02:20:35
1661973639,0.59834,0.59836,0.0,0,1661973639122,6,0.0,0.020000000000020002,2022-09-01 02:20:39
1661973640,0.59839,0.59841,0.0,0,1661973640779,6,0.0,0.020000000000020002,2022-09-01 02:20:40
1661973643,0.59837,0.59839,0.0,0,1661973643481,2,0.0,0.020000000000020002,2022-09-01 02:20:43
1661973645,0.59837,0.5984,0.0,0,1661973645161,4,0.0,0.030000000000085514,2022-09-01 02:20:45
1661973647,0.59836,0.59839,0.0,0,1661973647392,4,0.0,0.02999999999997449,2022-09-01 02:20:47
1661973648,0.59836,0.5984,0.0,0,1661973648491,4,0.0,0.040000000000040004,2022-09-01 02:20:48
1661973651,0.59837,0.59841,0.0,0,1661973651294,4,0.0,0.040000000000040004,2022-09-01 02:20:51
1661973653,0.59835,0.59839,0.0,0,1661973653564,4,0.0,0.03999999999992898,2022-09-01 02:20:53
1661973654,0.59835,0.59839,0.0,0,1661973654930,2,0.0,0.03999999999992898,2022-09-01 02:20:54
1661973656,0.59836,0.5984,0.0,0,1661973656972,4,0.0,0.040000000000040004,2022-09-01 02:20:56
1661973656,0.59836,0.5984,0.0,0,1661973656972,4,0.0,0.040000000000040004,2022-09-01 02:20:56
1661973660,0.59835,0.59838,0.0,0,1661973660758,4,0.0,0.02999999999997449,2022-09-01 02:21:00
1661973660,0.59835,0.59838,0.0,0,1661973660758,4,0.0,0.02999999999997449,2022-09-01 02:21:00
1661973665,0.59834,0.59837,0.0,0,1661973665374,2,0.0,0.02999999999997449,2022-09-01 02:21:05
1661973665,0.59834,0.59837,0.0,0,1661973665374,2,0.0,0.02999999999997449,2022-09-01 02:21:05
1661973665,0.59834,0.59837,0.0,0,1661973665374,2,0.0,0.02999999999997449,2022-09-01 02:21:05
1661973671,0.59835,0.59838,0.0,0,1661973671632,2,0.0,0.02999999999997449,2022-09-01 02:21:11
1661973672,0.59834,0.59838,0.0,0,1661973672353,6,0.0,0.040000000000040004,2022-09-01 02:21:12
1661973675,0.59836,0.59838,0.0,0,1661973675705,6,0.0,0.020000000000020002,2022-09-01 02:21:15
1661973677,0.59832,0.59835,0.0,0,1661973677156,6,0.0,0.030000000000085514,2022-09-01 02:21:17
1661973678,0.59833,0.59835,0.0,0,1661973678730,2,0.0,0.020000000000020002,2022-09-01 02:21:18
1661973681,0.59833,0.59837,0.0,0,1661973681737,6,0.0,0.03999999999992898,2022-09-01 02:21:21
1661973683,0.59834,0.59837,0.0,0,1661973683137,2,0.0,0.02999999999997449,2022-09-01 02:21:23
1661973683,0.59834,0.59837,0.0,0,1661973683137,2,0.0,0.02999999999997449,2022-09-01 02:21:23
1661973687,0.59834,0.59837,0.0,0,1661973687035,4,0.0,0.02999999999997449,2022-09-01 02:21:27
1661973687,0.59834,0.59837,0.0,0,1661973687035,4,0.0,0.02999999999997449,2022-09-01 02:21:27
1661973691,0.59832,0.59837,0.0,0,1661973691666,6,0.0,0.04999999999999449,2022-09-01 02:21:31
1661973691,0.59832,0.59837,0.0,0,1661973691666,6,0.0,0.04999999999999449,2022-09-01 02:21:31
1661973695,0.59831,0.59836,0.0,0,1661973695636,2,0.0,0.04999999999999449,2022-09-01 02:21:35
1661973695,0.59832,0.59836,0.0,0,1661973695876,2,0.0,0.040000000000040004,2022-09-01 02:21:35
1661973699,0.59834,0.59837,0.0,0,1661973699083,2,0.0,0.02999999999997449,2022-09-01 02:21:39
1661973701,0.59834,0.59837,0.0,0,1661973701840,4,0.0,0.02999999999997449,2022-09-01 02:21:41
1661973702,0.59834,0.59838,0.0,0,1661973702862,4,0.0,0.040000000000040004,2022-09-01 02:21:42
1661973705,0.59834,0.59839,0.0,0,1661973705391,4,0.0,0.04999999999999449,2022-09-01 02:21:45
1661973707,0.59834,0.59839,0.0,0,1661973707766,4,0.0,0.04999999999999449,2022-09-01 02:21:47
1661973709,0.59835,0.59841,0.0,0,1661973709731,6,0.0,0.05999999999994898,2022-09-01 02:21:49
1661973711,0.59835,0.59839,0.0,0,1661973711559,6,0.0,0.03999999999992898,2022-09-01 02:21:51
1661973712,0.59834,0.59838,0.0,0,1661973712854,6,0.0,0.040000000000040004,2022-09-01 02:21:52
1661973715,0.59834,0.59837,0.0,0,1661973715705,2,0.0,0.02999999999997449,2022-09-01 02:21:55
1661973717,0.59834,0.59839,0.0,0,1661973717798,4,0.0,0.04999999999999449,2022-09-01 02:21:57
1661973718,0.59834,0.59838,0.0,0,1661973718338,4,0.0,0.040000000000040004,2022-09-01 02:21:58
1661973720,0.59834,0.59838,0.0,0,1661973720084,2,0.0,0.040000000000040004,2022-09-01 02:22:00
1661973723,0.59834,0.59839,0.0,0,1661973723717,4,0.0,0.04999999999999449,2022-09-01 02:22:03
1661973725,0.59834,0.59838,0.0,0,1661973725413,6,0.0,0.040000000000040004,2022-09-01 02:22:05
1661973726,0.59834,0.59838,0.0,0,1661973726737,6,0.0,0.040000000000040004,2022-09-01 02:22:06
1661973726,0.59834,0.59838,0.0,0,1661973726737,6,0.0,0.040000000000040004,2022-09-01 02:22:06
1661973726,0.59834,0.59838,0.0,0,1661973726737,6,0.0,0.040000000000040004,2022-09-01 02:22:06
1661973726,0.59834,0.59838,0.0,0,1661973726737,6,0.0,0.040000000000040004,2022-09-01 02:22:06
1661973735,0.59834,0.59837,0.0,0,1661973735605,4,0.0,0.02999999999997449,2022-09-01 02:22:15
1661973737,0.59834,0.59838,0.0,0,1661973737033,4,0.0,0.040000000000040004,2022-09-01 02:22:17
1661973737,0.59834,0.59838,0.0,0,1661973737033,4,0.0,0.040000000000040004,2022-09-01 02:22:17
1661973741,0.59832,0.59835,0.0,0,1661973741626,4,0.0,0.030000000000085514,2022-09-01 02:22:21
1661973743,0.59831,0.59836,0.0,0,1661973743891,6,0.0,0.04999999999999449,2022-09-01 02:22:23
1661973746,0.59834,0.59838,0.0,0,1661973746085,6,0.0,0.040000000000040004,2022-09-01 02:22:26
1661973747,0.5983,0.59836,0.0,0,1661973747604,2,0.0,0.05999999999994898,2022-09-01 02:22:27
1661973749,0.59833,0.59836,0.0,0,1661973749649,6,0.0,0.02999999999997449,2022-09-01 02:22:29
1661973751,0.59833,0.59837,0.0,0,1661973751613,4,0.0,0.03999999999992898,2022-09-01 02:22:31
1661973753,0.59829,0.59835,0.0,0,1661973753893,2,0.0,0.060000000000060005,2022-09-01 02:22:33
1661973756,0.5983,0.59837,0.0,0,1661973756087,4,0.0,0.06999999999990347,2022-09-01 02:22:36
1661973757,0.59829,0.59835,0.0,0,1661973757396,6,0.0,0.060000000000060005,2022-09-01 02:22:37
1661973757,0.59829,0.59835,0.0,0,1661973757396,6,0.0,0.060000000000060005,2022-09-01 02:22:37
1661973761,0.59831,0.59836,0.0,0,1661973761944,2,0.0,0.04999999999999449,2022-09-01 02:22:41
1661973763,0.59831,0.59838,0.0,0,1661973763655,4,0.0,0.0700000000000145,2022-09-01 02:22:43
1661973766,0.59826,0.59832,0.0,0,1661973766195,6,0.0,0.05999999999994898,2022-09-01 02:22:46
1661973768,0.59827,0.59834,0.0,0,1661973768068,2,0.0,0.0700000000000145,2022-09-01 02:22:48
1661973769,0.59829,0.59834,0.0,0,1661973769911,4,0.0,0.04999999999999449,2022-09-01 02:22:49
1661973772,0.59833,0.59839,0.0,0,1661973772079,6,0.0,0.05999999999994898,2022-09-01 02:22:52
1661973773,0.59832,0.59838,0.0,0,1661973773481,2,0.0,0.060000000000060005,2022-09-01 02:22:53
1661973775,0.59833,0.59838,0.0,0,1661973775340,6,0.0,0.04999999999999449,2022-09-01 02:22:55
1661973778,0.59833,0.59838,0.0,0,1661973778140,2,0.0,0.04999999999999449,2022-09-01 02:22:58
1661973780,0.59834,0.59839,0.0,0,1661973780203,2,0.0,0.04999999999999449,2022-09-01 02:23:00
1661973781,0.59835,0.59838,0.0,0,1661973781881,2,0.0,0.02999999999997449,2022-09-01 02:23:01
1661973784,0.59832,0.59837,0.0,0,1661973784117,4,0.0,0.04999999999999449,2022-09-01 02:23:04
1661973785,0.5983,0.59836,0.0,0,1661973785656,2,0.0,0.05999999999994898,2022-09-01 02:23:05
1661973785,0.5983,0.59836,0.0,0,1661973785656,2,0.0,0.05999999999994898,2022-09-01 02:23:05
1661973785,0.5983,0.59836,0.0,0,1661973785656,2,0.0,0.05999999999994898,2022-09-01 02:23:05
1661973792,0.59828,0.59831,0.0,0,1661973792303,2,0.0,0.02999999999997449,2022-09-01 02:23:12
1661973793,0.59828,0.59832,0.0,0,1661973793760,6,0.0,0.03999999999992898,2022-09-01 02:23:13
1661973796,0.59828,0.59829,0.0,0,1661973796209,2,0.0,0.00999999999995449,2022-09-01 02:23:16
1661973798,0.59824,0.59827,0.0,0,1661973798320,2,0.0,0.02999999999997449,2022-09-01 02:23:18
1661973800,0.59823,0.59828,0.0,0,1661973800207,6,0.0,0.04999999999999449,2022-09-01 02:23:20
1661973801,0.59824,0.59828,0.0,0,1661973801257,2,0.0,0.040000000000040004,2022-09-01 02:23:21
1661973803,0.59827,0.5983,0.0,0,1661973803887,6,0.0,0.030000000000085514,2022-09-01 02:23:23
1661973805,0.59828,0.59832,0.0,0,1661973805904,4,0.0,0.03999999999992898,2022-09-01 02:23:25
1661973808,0.59825,0.59829,0.0,0,1661973808325,6,0.0,0.040000000000040004,2022-09-01 02:23:28
1661973809,0.59826,0.59829,0.0,0,1661973809759,2,0.0,0.02999999999997449,2022-09-01 02:23:29
1661973811,0.59825,0.59829,0.0,0,1661973811458,4,0.0,0.040000000000040004,2022-09-01 02:23:31
1661973814,0.59824,0.59829,0.0,0,1661973814296,2,0.0,0.04999999999999449,2022-09-01 02:23:34
1661973815,0.59826,0.5983,0.0,0,1661973815660,6,0.0,0.040000000000040004,2022-09-01 02:23:35
1661973818,0.59823,0.59828,0.0,0,1661973818041,6,0.0,0.04999999999999449,2022-09-01 02:23:38
1661973820,0.59822,0.59826,0.0,0,1661973820260,4,0.0,0.040000000000040004,2022-09-01 02:23:40
1661973822,0.59823,0.59827,0.0,0,1661973822255,6,0.0,0.03999999999992898,2022-09-01 02:23:42
1661973823,0.59822,0.59827,0.0,0,1661973823148,2,0.0,0.04999999999999449,2022-09-01 02:23:43
1661973825,0.59823,0.59828,0.0,0,1661973825183,2,0.0,0.04999999999999449,2022-09-01 02:23:45
1661973828,0.59825,0.59829,0.0,0,1661973828411,6,0.0,0.040000000000040004,2022-09-01 02:23:48
1661973828,0.59826,0.59829,0.0,0,1661973828653,2,0.0,0.02999999999997449,2022-09-01 02:23:48
1661973828,0.59826,0.59829,0.0,0,1661973828653,2,0.0,0.02999999999997449,2022-09-01 02:23:48
1661973828,0.59826,0.59829,0.0,0,1661973828653,2,0.0,0.02999999999997449,2022-09-01 02:23:48
1661973828,0.59826,0.59829,0.0,0,1661973828653,2,0.0,0.02999999999997449,2022-09-01 02:23:48
1661973828,0.59826,0.59829,0.0,0,1661973828653,2,0.0,0.02999999999997449,2022-09-01 02:23:48
1661973840,0.59826,0.59829,0.0,0,1661973840516,4,0.0,0.02999999999997449,2022-09-01 02:24:00
1661973842,0.59827,0.59831,0.0,0,1661973842433,6,0.0,0.040000000000040004,2022-09-01 02:24:02
1661973844,0.59826,0.5983,0.0,0,1661973844546,6,0.0,0.040000000000040004,2022-09-01 02:24:04
1661973846,0.59825,0.5983,0.0,0,1661973846193,4,0.0,0.050000000000105516,2022-09-01 02:24:06
1661973847,0.59826,0.5983,0.0,0,1661973847147,2,0.0,0.040000000000040004,2022-09-01 02:24:07
